<?xml version="1.0" encoding="UTF-8"?><collection xmlns="http://www.loc.gov/MARC21/slim"><record><leader>00542nam--2200193-i-4500</leader><controlfield tag="001">000025322</controlfield><controlfield tag="002">20161230</controlfield><controlfield tag="005">20161230201035</controlfield><controlfield tag="008">060222s1000------------r-----000-0-rum-d</controlfield><datafield ind1=" " ind2=" " tag="040"><subfield code="a">IFIN-HH</subfield></datafield><datafield ind1=" " ind2=" " tag="041"><subfield code="a">rum</subfield></datafield><datafield ind1=" " ind2=" " tag="080"><subfield code="a">539.31:531:538.951</subfield></datafield><datafield ind1="1" ind2=" " tag="100"><subfield code="a">Teodorescu, P.P</subfield></datafield><datafield ind1="1" ind2="0" tag="245"><subfield code="a">Teoria elasticitatii si introducere in mecanica solidelor deformabile</subfield><subfield code="b">Vol. iii</subfield><subfield code="c">P.p. teodorescu, v. ilie</subfield></datafield><datafield ind1=" " ind2=" " tag="260"><subfield code="a">Cluj-napoca</subfield><subfield code="b">Editua Dacia</subfield><subfield code="c">1980</subfield></datafield><datafield ind1=" " ind2=" " tag="300"><subfield code="a">465P</subfield></datafield><datafield ind1="1" ind2=" " tag="700"><subfield code="a">Ille, V</subfield></datafield><datafield ind1=" " ind2=" " tag="852"><subfield code="a">46160</subfield><subfield code="c">539.3</subfield></datafield><datafield ind1=" " ind2=" " tag="CAT"><subfield code="a">Sys</subfield><subfield code="c">20130121</subfield><subfield code="h">153517</subfield></datafield></record></collection>